@ARTICLE{Baez2019,
author={B\'aez, S. and Angel-Bello, F. and Alvarez, A. and Meli\'an-Batista, B.},
title={A hybrid metaheuristic algorithm for a parallel machine scheduling problem with dependent setup times},
journal={Computers and Industrial Engineering},
year={2019},
volume={131},
pages={295-305},
doi={10.1016/j.cie.2019.03.051}
}

